@book{example,
    author = {Ing. Cognito},
    title = {A Great Book},
    publisher = {TFE4152 Publishing},
    year = {2023}
}

@article{oppgavebeskrivelse,
    author = {Asta Skirbekk},
    title = {Project in TFE4152 Design of Integrated Circuits},
    year = {Fall 2024}
}